@article{preisler1993modelling,
  title={Modelling spatial patterns of trees attacked by bark-beetles},
  author={Preisler, Haiganoush K},
  journal={Journal of the Royal Statistical Society Series C: Applied Statistics},
  volume={42},
  number={3},
  pages={501--514},
  year={1993},
  publisher={Oxford University Press}
}